<record><leader>00000cas a22000007a 4500</leader><controlfield tag="001">11977202</controlfield><controlfield tag="008">850429d19781980wiuwr ne      0    0eng d</controlfield><datafield ind1=" " ind2=" " tag="010"><subfield code="a">sn 85040442 </subfield></datafield><datafield ind1=" " ind2=" " tag="040"><subfield code="a">NPV</subfield><subfield code="b">eng</subfield><subfield code="c">NPV</subfield><subfield code="d">OCLCQ</subfield></datafield><datafield ind1=" " ind2=" " tag="042"><subfield code="a">msc</subfield></datafield><datafield ind1=" " ind2=" " tag="045"><subfield code="a">x7x8</subfield></datafield><datafield ind1=" " ind2=" " tag="052"><subfield code="a">4123</subfield><subfield code="b">B7</subfield><subfield code="b">M2</subfield></datafield><datafield ind1="0" ind2="4" tag="245"><subfield code="a">The Manitowoc laker.</subfield></datafield><datafield ind1="1" ind2="7" tag="246"><subfield code="a">Manitowoc laker Two Rivers Shopper</subfield></datafield><datafield ind1="1" ind2="7" tag="246"><subfield code="a">Laker</subfield></datafield><datafield ind1=" " ind2=" " tag="260"><subfield code="a">Denmark, Wis. :</subfield><subfield code="b">Brown County Pub.,</subfield><subfield code="c">1978-</subfield></datafield><datafield ind1=" " ind2=" " tag="300"><subfield code="a">v. :</subfield><subfield code="b">ill.</subfield></datafield><datafield ind1=" " ind2=" " tag="310"><subfield code="a">Weekly</subfield></datafield><datafield ind1=" " ind2=" " tag="321"><subfield code="a">Semiweekly,</subfield><subfield code="b">June 20-Dec. 21, 1978</subfield></datafield><datafield ind1="0" ind2=" " tag="362"><subfield code="a">[Vol. 5], no. 102 (June 20, 1978)-</subfield></datafield><datafield ind1="1" ind2=" " tag="362"><subfield code="a">Ceased in Apr., 1980?</subfield></datafield><datafield ind1=" " ind2=" " tag="500"><subfield code="a">Editor: J. Keinhofer, June 20-Aug. 10, 1978.</subfield></datafield><datafield ind1=" " ind2=" " tag="530"><subfield code="a">Available on microfilm from The State Historical Society of Wisconsin.</subfield></datafield><datafield ind1=" " ind2=" " tag="752"><subfield code="a">United States</subfield><subfield code="b">Wisconsin</subfield><subfield code="c">Brown</subfield><subfield code="d">Denmark.</subfield></datafield><datafield ind1=" " ind2=" " tag="752"><subfield code="a">United States</subfield><subfield code="b">Wisconsin</subfield><subfield code="c">Manitowoc</subfield><subfield code="d">Manitowoc.</subfield></datafield><datafield ind1="0" ind2="0" tag="780"><subfield code="t">Laker (Denmark, Wis. : 1974)</subfield><subfield code="w">(DLC)sn 85040441</subfield></datafield></record>